@Comment BibTeX entries for Compsci 760 Group Project by Robert Anderson, Kylie Chen and Eric Jin

@article{hoe12,
year={2012},
issn={2192-6352},
journal={Progress in Artificial Intelligence},
volume={1},
number={1},
doi={10.1007/s13748-011-0008-0},
title={Learning from streaming data with concept drift and imbalance: an overview},
url={http://dx.doi.org/10.1007/s13748-011-0008-0},
publisher={Springer-Verlag},
keywords={Class imbalance; Concept drift; Data streams; Classification},
author={Hoens, T.Ryan and Polikar, Robi and Chawla, NiteshV.},
pages={89-101},
language={English}
}

@article{sal94,
 author = {Salzberg, Steven L.},
 title = {Book Review: {C}4.5: Programs for Machine Learning by {J}. {R}oss {Q}uinlan. {M}organ {K}aufmann {P}ublishers, {I}nc., 1993},
 journal = {Mach. Learn.},
 issue_date = {Sept. 1994},
 volume = {16},
 number = {3},
 month = sep,
 year = {1994},
 issn = {0885-6125},
 pages = {235--240},
 numpages = {6},
 url = {http://dx.doi.org/10.1023/A:1022645310020},
 doi = {10.1023/A:1022645310020},
 acmid = {637825},
 publisher = {Kluwer Academic Publishers},
 address = {Hingham, MA, USA},
} 

@inproceedings{dom00,
 author = {Domingos, Pedro and Hulten, Geoff},
 title = {Mining High-speed Data Streams},
 booktitle = {Proceedings of the Sixth ACM SIGKDD International Conference on Knowledge Discovery and Data Mining},
 series = {KDD '00},
 year = {2000},
 isbn = {1-58113-233-6},
 location = {Boston, Massachusetts, USA},
 pages = {71--80},
 numpages = {10},
 url = {http://doi.acm.org/10.1145/347090.347107},
 doi = {10.1145/347090.347107},
 acmid = {347107},
 publisher = {ACM},
 address = {New York, NY, USA},
 keywords = {Hoeffding bounds, decision trees, disk-based algorithms, incremental learning, subsampling},
} 

@article{hoe63,
     jstor_articletype = {research-article},
     title = {Probability Inequalities for Sums of Bounded Random Variables},
     author = {Hoeffding, Wassily},
     journal = {Journal of the American Statistical Association},
     jstor_issuetitle = {},
     volume = {58},
     number = {301},
     jstor_formatteddate = {Mar., 1963},
     pages = {pp. 13-30},
     url = {http://www.jstor.org/stable/2282952},
     ISSN = {01621459},
     language = {English},
     year = {1963},
     publisher = {American Statistical Association},
     copyright = {Copyright Â© 1963 American Statistical Association},
}

@inproceedings{hul01,
 author = {Hulten, Geoff and Spencer, Laurie and Domingos, Pedro},
 title = {Mining Time-changing Data Streams},
 booktitle = {Proceedings of the Seventh ACM SIGKDD International Conference on Knowledge Discovery and Data Mining},
 series = {KDD '01},
 year = {2001},
 isbn = {1-58113-391-X},
 location = {San Francisco, California},
 pages = {97--106},
 numpages = {10},
 url = {http://doi.acm.org/10.1145/502512.502529},
 doi = {10.1145/502512.502529},
 acmid = {502529},
 publisher = {ACM},
 address = {New York, NY, USA},
 keywords = {Decision trees, Hoeffding bounds, concept drift, data streams, incremental learning, subsampling},
}

@article{lyo14,
  title={Hellinger Distance Trees for Imbalanced Streams},
  author={Lyon, RJ and Brooke, JM and Knowles, JD and Stappers, BW},
  journal={arXiv preprint arXiv:1405.2278},
  year={2014}
}

@incollection{lic10,
  title={Adaptive methods for classification in arbitrarily imbalanced and drifting data streams},
  author={Lichtenwalter, Ryan N and Chawla, Nitesh V},
  booktitle={New Frontiers in Applied Data Mining},
  pages={53--75},
  year={2010},
  publisher={Springer}
}

@unpublished{paz14,
  title={Using {HDDT} to avoid instances propagation in unbalanced and evolving data streams},
  author={Dal Pozzolo, Andrea and Johnson, Reid and Caelen, Olivier and Waterschoot, Serge and Chawla, Nitesh V and Bontempi, Gianluca},
 year = {2014},
  note = {In 2014 IEEE World Congress on Computational Intelligence}
}

@incollection{cie08,
year={2008},
isbn={978-3-540-87478-2},
booktitle={Machine Learning and Knowledge Discovery in Databases},
volume={5211},
series={Lecture Notes in Computer Science},
editor={Daelemans, Walter and Goethals, Bart and Morik, Katharina},
doi={10.1007/978-3-540-87479-9_34},
title={Learning Decision Trees for Unbalanced Data},
url={http://dx.doi.org/10.1007/978-3-540-87479-9_34},
publisher={Springer Berlin Heidelberg},
author={Cieslak, DavidA. and Chawla, NiteshV.},
pages={241-256},
language={English}
}
