@Comment BibTeX entries for Compsci 760 Group Project by Robert Anderson, Kylie Chen and Eric Jin

@inproceedings{entropy,
author={Vorburger, P. and Bernstein, A},
booktitle={Data Mining, 2006. ICDM '06. Sixth International Conference on},
title={Entropy-based Concept Shift Detection},
year={2006},
month={Dec},
pages={1113-1118},
keywords={data analysis;ubiquitous computing;context switch indication;data streams;entropy-based concept shift detection;stream entropy behavior;Biomedical monitoring;Data mining;Entropy;Informatics;Multimedia computing;Noise measurement;Streaming media;Switches;Wearable computers;Wearable sensors},
doi={10.1109/ICDM.2006.66},
ISSN={1550-4786},}

@inproceedings{kolter05,
    author = {Jeremy Z. Kolter and Marcus A. Maloof},
    title = {Using Additive Expert Ensembles to Cope with Concept Drift},
    booktitle = {In Proceedings of the 22nd International Conference on Machine Learning (ICML-2005)},
    year = {2005},
    pages = {449--456},
    publisher = {ACM Press}
}

@inproceedings{oza01,
    author = {Nikunj C. Oza and Stuart Russell},
    title = {Online Bagging and Boosting},
    booktitle = {In Artificial Intelligence and Statistics 2001},
    year = {2001},
    pages = {105--112},
    publisher = {Morgan Kaufmann}
}

@inproceedings{newEnsemble,
 author = {Bifet, Albert and Holmes, Geoff and Pfahringer, Bernhard and Kirkby, Richard and Gavald\`{a}, Ricard},
 title = {New Ensemble Methods for Evolving Data Streams},
 booktitle = {Proceedings of the 15th ACM SIGKDD International Conference on Knowledge Discovery and Data Mining},
 series = {KDD '09},
 year = {2009},
 isbn = {978-1-60558-495-9},
 location = {Paris, France},
 pages = {139--148},
 numpages = {10},
 url = {http://doi.acm.org/10.1145/1557019.1557041},
 doi = {10.1145/1557019.1557041},
 acmid = {1557041},
 publisher = {ACM},
 address = {New York, NY, USA},
 keywords = {concept drift, data streams, decision trees, ensemble methods},
} 

@inproceedings{scholz05,
    author = {Martin Scholz and Ralf Klinkenberg},
    title = {An Ensemble Classifier for Drifting Concepts},
    booktitle = {In Proceedings of the Second International Workshop on Knowledge Discovery in Data Streams},
    year = {2005},
    pages = {53--64}
}

@inproceedings{SEA,
 author = {Street, W. Nick and Kim, YongSeog},
 title = {A Streaming Ensemble Algorithm ({SEA}) for Large-scale Classification},
 booktitle = {Proceedings of the Seventh ACM SIGKDD International Conference on Knowledge Discovery and Data Mining},
 series = {KDD '01},
 year = {2001},
 isbn = {1-58113-391-X},
 location = {San Francisco, California},
 pages = {377--382},
 numpages = {6},
 url = {http://doi.acm.org/10.1145/502512.502568},
 doi = {10.1145/502512.502568},
 acmid = {502568},
 publisher = {ACM},
 address = {New York, NY, USA},
 keywords = {ensemble classification, streaming data},
} 

@article{bae06,
  title={Early drift detection method},
  author={Baena-Garc{\'\i}a, Manuel and del Campo-{\'A}vila, Jos{\'e} and Fidalgo, Ra{\'u}l and Bifet, Albert and Gavald{\`a}, Ricard and Morales-Bueno, Rafael},
  year={2006}
}

@article{gonc13,
title = "{RCD}: A recurring concept drift framework ",
journal = "Pattern Recognition Letters ",
volume = "34",
number = "9",
pages = "1018 - 1025",
year = "2013",
note = "",
issn = "0167-8655",
doi = "http://dx.doi.org/10.1016/j.patrec.2013.02.005",
url = "http://www.sciencedirect.com/science/article/pii/S0167865513000494",
author = "Paulo Mauricio Gonçalves Jr and Roberto Souto Maior de Barros",
keywords = "Data streams",
keywords = "Concept drift",
keywords = "Recurring contexts",
keywords = "On-line learning",
keywords = "Multivariate non-parametric statistical test "
}

@article{gonc14,
title = "A comparative study on concept drift detectors ",
journal = "Expert Systems with Applications ",
volume = "41",
number = "18",
pages = "8144 - 8156",
year = "2014",
note = "",
issn = "0957-4174",
doi = "http://dx.doi.org/10.1016/j.eswa.2014.07.019",
url = "http://www.sciencedirect.com/science/article/pii/S0957417414004175",
author = "Paulo M. Gonçalves Jr. and Silas G.T. de Carvalho Santos and Roberto S.M. Barros and Davi C.L. Vieira",
keywords = "Data streams",
keywords = "Time-changing data",
keywords = "Concept drift detectors",
keywords = "Comparison "
}

@inproceedings{gam04,
    author = {João Gama and Pedro Medas and Gladys Castillo and Pedro Rodrigues},
    title = {Learning with drift detection},
    booktitle = {In SBIA Brazilian Symposium on Artificial Intelligence},
    year = {2004},
    pages = {286--295},
    publisher = {Springer Verlag}
}

@inproceedings{ant12,
author={Antwi, D.K. and Viktor, H.L. and Japkowicz, N.},
booktitle={Data Mining Workshops (ICDMW), 2012 IEEE 12th International Conference on},
title={The {P}erf{S}im Algorithm for Concept Drift Detection in Imbalanced Data},
year={2012},
month={Dec},
pages={619-628},
keywords={data handling;learning (artificial intelligence);matrix algebra;mobile computing;PerfSim algorithm;adaptive learning algorithms;benchmarking datasets;change detection;class imbalance problem;concept drift detection;confusion matrix;continuous data streams;cosine similarity coefficient;imbalanced data sets;machine learning;mobile phone database;ozone level peak predictions;smart phone usage pattern detection;stock market indicator learning;Accuracy;Change detection algorithms;Data models;Prediction algorithms;Reliability;Training;Vectors;Concept drift detection;class imbalance;classification;reliable model building},
doi={10.1109/ICDMW.2012.122}
}

@inproceedings{wan13,
author={Shuo Wang and Minku, L.L. and Ghezzi, D. and Caltabiano, D. and Tino, P. and Xin Yao},
booktitle={Neural Networks (IJCNN), The 2013 International Joint Conference on},
title={Concept drift detection for online class imbalance learning},
year={2013},
month={Aug},
pages={1-10},
keywords={computer aided instruction;data analysis;DDM-OCI;accurate drift detections;computer networks;concept drift detection;concept drift problem;control systems;fault diagnosis;imbalanced class distributions;imbalanced data streams;intrusion detection;minority-class recall online;online class imbalance learning;online learning;online models;real-world applications;single-class performance;Accuracy;Bagging;Computational modeling;Decision trees;Detectors;Monitoring;Neural networks},
doi={10.1109/IJCNN.2013.6706768},
ISSN={2161-4393}
}

@article{hoe12,
year={2012},
issn={2192-6352},
journal={Progress in Artificial Intelligence},
volume={1},
number={1},
doi={10.1007/s13748-011-0008-0},
title={Learning from streaming data with concept drift and imbalance: an overview},
url={http://dx.doi.org/10.1007/s13748-011-0008-0},
publisher={Springer-Verlag},
keywords={Class imbalance; Concept drift; Data streams; Classification},
author={Hoens, T.Ryan and Polikar, Robi and Chawla, NiteshV.},
pages={89-101},
language={English}
}

@article{sal94,
 author = {Salzberg, Steven L.},
 title = {Book Review: {C}4.5: Programs for Machine Learning by {J}. {R}oss {Q}uinlan. {M}organ {K}aufmann {P}ublishers, {I}nc., 1993},
 journal = {Mach. Learn.},
 issue_date = {Sept. 1994},
 volume = {16},
 number = {3},
 month = sep,
 year = {1994},
 issn = {0885-6125},
 pages = {235--240},
 numpages = {6},
 url = {http://dx.doi.org/10.1023/A:1022645310020},
 doi = {10.1023/A:1022645310020},
 acmid = {637825},
 publisher = {Kluwer Academic Publishers},
 address = {Hingham, MA, USA},
} 

@inproceedings{dom00,
 author = {Domingos, Pedro and Hulten, Geoff},
 title = {Mining High-speed Data Streams},
 booktitle = {Proceedings of the Sixth ACM SIGKDD International Conference on Knowledge Discovery and Data Mining},
 series = {KDD '00},
 year = {2000},
 isbn = {1-58113-233-6},
 location = {Boston, Massachusetts, USA},
 pages = {71--80},
 numpages = {10},
 url = {http://doi.acm.org/10.1145/347090.347107},
 doi = {10.1145/347090.347107},
 acmid = {347107},
 publisher = {ACM},
 address = {New York, NY, USA},
 keywords = {Hoeffding bounds, decision trees, disk-based algorithms, incremental learning, subsampling},
} 

@article{hoe63,
     jstor_articletype = {research-article},
     title = {Probability Inequalities for Sums of Bounded Random Variables},
     author = {Hoeffding, Wassily},
     journal = {Journal of the American Statistical Association},
     jstor_issuetitle = {},
     volume = {58},
     number = {301},
     jstor_formatteddate = {Mar., 1963},
     pages = {pp. 13-30},
     url = {http://www.jstor.org/stable/2282952},
     ISSN = {01621459},
     language = {English},
     year = {1963},
     publisher = {American Statistical Association},
     copyright = {Copyright © 1963 American Statistical Association},
}

@inproceedings{hul01,
 author = {Hulten, Geoff and Spencer, Laurie and Domingos, Pedro},
 title = {Mining Time-changing Data Streams},
 booktitle = {Proceedings of the Seventh ACM SIGKDD International Conference on Knowledge Discovery and Data Mining},
 series = {KDD '01},
 year = {2001},
 isbn = {1-58113-391-X},
 location = {San Francisco, California},
 pages = {97--106},
 numpages = {10},
 url = {http://doi.acm.org/10.1145/502512.502529},
 doi = {10.1145/502512.502529},
 acmid = {502529},
 publisher = {ACM},
 address = {New York, NY, USA},
 keywords = {Decision trees, Hoeffding bounds, concept drift, data streams, incremental learning, subsampling},
}

@article{lyo14,
  title={Hellinger Distance Trees for Imbalanced Streams},
  author={Lyon, RJ and Brooke, JM and Knowles, JD and Stappers, BW},
  journal={arXiv preprint arXiv:1405.2278},
  year={2014}
}

@incollection{lic10,
  title={Adaptive methods for classification in arbitrarily imbalanced and drifting data streams},
  author={Lichtenwalter, Ryan N and Chawla, Nitesh V},
  booktitle={New Frontiers in Applied Data Mining},
  pages={53--75},
  year={2010},
  publisher={Springer}
}

@unpublished{paz14,
  title={Using {HDDT} to avoid instances propagation in unbalanced and evolving data streams},
  author={Dal Pozzolo, Andrea and Johnson, Reid and Caelen, Olivier and Waterschoot, Serge and Chawla, Nitesh V and Bontempi, Gianluca},
 year = {2014},
  note = {In 2014 IEEE World Congress on Computational Intelligence}
}

@incollection{zha12,
year={2012},
isbn={978-3-642-30216-9},
booktitle={Advances in Knowledge Discovery and Data Mining},
volume={7301},
series={Lecture Notes in Computer Science},
editor={Tan, Pang-Ning and Chawla, Sanjay and Ho, ChinKuan and Bailey, James},
doi={10.1007/978-3-642-30217-6_22},
title={A Double-Ensemble Approach for Classifying Skewed Data Streams},
url={http://dx.doi.org/10.1007/978-3-642-30217-6_22},
publisher={Springer Berlin Heidelberg},
author={Zhang, Chongsheng and Soda, Paolo},
pages={254-265},
language={English}
}


@article{hddt,
year={2012},
issn={1384-5810},
journal={Data Mining and Knowledge Discovery},
volume={24},
number={1},
doi={10.1007/s10618-011-0222-1},
title={Hellinger distance decision trees are robust and skew-insensitive},
url={http://dx.doi.org/10.1007/s10618-011-0222-1},
publisher={Springer US},
keywords={Imbalanced data; Decision tree; Hellinger distance},
author={Cieslak, DavidA. and Hoens, T.Ryan and Chawla, NiteshV. and Kegelmeyer, W.Philip},
pages={136-158},
language={English}
}

@article{spc,
year={2013},
issn={0885-6125},
journal={Machine Learning},
volume={90},
number={3},
doi={10.1007/s10994-012-5320-9},
title={On evaluating stream learning algorithms},
url={http://dx.doi.org/10.1007/s10994-012-5320-9},
publisher={Springer US},
keywords={Data streams; Evaluation design; Prequential analysis; Concept drift},
author={Gama, João and Sebastião, Raquel and Rodrigues, PedroPereira},
pages={317-346},
language={English}
}

@inbook{adwin,
author = {Albert Bifet and Ricard Gavaldà},
title = {Learning from Time-Changing Data with Adaptive Windowing},
booktitle = {Proceedings of the 2007 SIAM International Conference on Data Mining},
chapter = {42},
pages = {443-448},
doi = {10.1137/1.9781611972771.42},
URL = {http://epubs.siam.org/doi/abs/10.1137/1.9781611972771.42},
eprint = {http://epubs.siam.org/doi/pdf/10.1137/1.9781611972771.42}
}

@incollection{FCWM,
year={2010},
isbn={978-3-642-12518-8},
booktitle={Knowledge Discovery from Sensor Data},
volume={5840},
series={Lecture Notes in Computer Science},
editor={Gaber, MohamedMedhat and Vatsavai, RangaRaju and Omitaomu, OlufemiA. and Gama, João and Chawla, NiteshV. and Ganguly, AuroopR.},
doi={10.1007/978-3-642-12519-5_2},
title={Monitoring Incremental Histogram Distribution for Change Detection in Data Streams},
url={http://dx.doi.org/10.1007/978-3-642-12519-5_2},
publisher={Springer Berlin Heidelberg},
keywords={Change detection; Data streams; Machine learning; Learning histograms; Monitoring data distribution; Adaptive Cumulative Windows},
author={Sebastião, Raquel and Gama, João and Rodrigues, PedroPereira and Bernardes, João},
pages={25-42},
language={English}
}

@article{PHT,
  title={Continuous inspection schemes},
  author={Page, ES},
  journal={Biometrika},
  pages={100--115},
  year={1954},
  publisher={JSTOR}
}

@article{FLORA,
  title={Learning in the presence of concept drift and hidden contexts},
  author={Widmer, Gerhard and Kubat, Miroslav},
  journal={Machine learning},
  volume={23},
  number={1},
  pages={69--101},
  year={1996},
  publisher={Springer}
}

@incollection{cie08,
year={2008},
isbn={978-3-540-87478-2},
booktitle={Machine Learning and Knowledge Discovery in Databases},
volume={5211},
series={Lecture Notes in Computer Science},
editor={Daelemans, Walter and Goethals, Bart and Morik, Katharina},
doi={10.1007/978-3-540-87479-9_34},
title={Learning Decision Trees for Unbalanced Data},
url={http://dx.doi.org/10.1007/978-3-540-87479-9_34},
publisher={Springer Berlin Heidelberg},
author={Cieslak, DavidA. and Chawla, NiteshV.},
pages={241-256},
language={English}
}

@inproceedings{classifier_ensemble,
  title={Classifier Ensemble for Imbalanced Data Stream Classification},
  author={Godase, Abhijeet and Attar, Vahida},
  booktitle={Proceedings of the CUBE International Information Technology Conference},
  pages={284--289},
  year={2012},
  organization={ACM}
}

@inproceedings{SERA,
  title={Sera: selectively recursive approach towards nonstationary imbalanced stream data mining},
  author={Chen, Sheng and He, Haibo},
  booktitle={Neural Networks, 2009. IJCNN 2009. International Joint Conference on},
  pages={522--529},
  year={2009},
  organization={IEEE}
}

@inproceedings{reservoirsampling,
  title={Entropy-based concept shift detection},
  author={Vorburger, Peter and Bernstein, Abraham},
  booktitle={Data Mining, 2006. ICDM'06. Sixth International Conference on},
  pages={1113--1118},
  year={2006},
  organization={IEEE}
}

@article{SMOTE,
  title={{SMOTE}: synthetic minority over-sampling technique},
  author={Chawla, Nitesh V. and Bowyer, Kevin W. and Hall, Lawrence O. and Kegelmeyer, W. Philip},
  journal={arXiv preprint arXiv:1106.1813},
  year={2011}
}

@inproceedings{musera,
  title={Musera: multiple selectively recursive approach towards imbalanced stream data mining},
  author={Chen, Sheng and He, Haibo and Li, Kang and Desai, Sachi},
  booktitle={Neural Networks (IJCNN), The 2010 International Joint Conference on},
  pages={1--8},
  year={2010},
  organization={IEEE}
}

@article{rea,
  title={Towards incremental learning of nonstationary imbalanced data stream: a multiple selectively recursive approach},
  author={Chen, Sheng and He, Haibo},
  journal={Evolving Systems},
  volume={2},
  number={1},
  pages={35--50},
  year={2011},
  publisher={Springer}
}

@article{ncl,
  title={A study of the behavior of several methods for balancing machine learning training data},
  author={Batista, Gustavo EAPA and Prati, Ronaldo C and Monard, Maria Carolina},
  journal={ACM Sigkdd Explorations Newsletter},
  volume={6},
  number={1},
  pages={20--29},
  year={2004},
  publisher={ACM}
}

@inproceedings{gao,
  title={A General Framework for Mining Concept-Drifting Data Streams with Skewed Distributions.},
  author={Gao, Jing and Fan, Wei and Han, Jiawei and Philip, S Yu},
  booktitle={SDM},
  pages={3--14},
  year={2007},
  organization={SIAM}
}

@article{survey_on_concept_drift_adaptation,
  title={A survey on concept drift adaptation},
  author={Gama, Jo{\~a}o and {\v{Z}}liobait{\.e}, Indr{\.e} and Bifet, Albert and Pechenizkiy, Mykola and Bouchachia, Abdelhamid},
  journal={ACM Computing Surveys (CSUR)},
  volume={46},
  number={4},
  pages={44},
  year={2014},
  publisher={ACM}
}

@article{eddm,
  title={Early drift detection method},
  author={Baena-Garc{\'\i}a, Manuel and del Campo-{\'A}vila, Jos{\'e} and Fidalgo, Ra{\'u}l and Bifet, Albert and Gavald{\`a}, Ricard and Morales-Bueno, Rafael},
  year={2006}
}

@inproceedings{bif09,
  title={New ensemble methods for evolving data streams},
  author={Bifet, Albert and Holmes, Geoff and Pfahringer, Bernhard and Kirkby, Richard and Gavald{\`a}, Ricard},
  booktitle={Proceedings of the 15th ACM SIGKDD international conference on Knowledge discovery and data mining},
  pages={139--148},
  year={2009},
  organization={ACM}
}

@INPROCEEDINGS{LEARN, 
author={Ditzler, G. and Polikar, R.}, 
booktitle={Neural Networks (IJCNN), The 2010 International Joint Conference on}, 
title={An ensemble based incremental learning framework for concept drift and class imbalance}, 
year={2010}, 
month={July}, 
pages={1-8}, 
keywords={data handling;learning (artificial intelligence);Learn++.NSE;balanced class distributions;class imbalance;concept drift;ensemble based incremental learning framework;imbalanced data;Algorithm design and analysis;Bagging;Classification algorithms;Data models;Heuristic algorithms;Measurement;Training;concept drift;ensemble of classifiers;imbalanced data;incremental learning in nonstationary environments}, 
doi={10.1109/IJCNN.2010.5596764}, 
ISSN={1098-7576},}

@misc{mckinsey,
  title = {Big Data: The next frontier for innovation, competition and productivity},
  howpublished = {http://www.mckinsey.com/insights/business\_technology/big\_data\_the\_next\_frontier\_for_innovation}},
  year = {2011},
  note = {Accessed: 2014-09-26},
}